@article{isensee2018brats,
  author  = {Fabian Isensee and Philipp Kickingereder and Wolfgang Wick
             and Martin Bendszus and Klaus H. Maier-Hein},
  title   = {Brain Tumor Segmentation and Radiomics Survival Prediction:
             Contribution to the BRATS 2017 Challenge},
  journal = {Lecture Notes in Computer Science},
  year    = {2018},
  volume  = {10670},
  pages   = {287--297}
}

@inproceedings{ronneberger2015unet,
  author  = {Olaf Ronneberger and Philipp Fischer and Thomas Brox},
  title   = {U-Net: Convolutional Networks for Biomedical Image Segmentation},
  booktitle = {MICCAI},
  year    = {2015},
  pages   = {234--241}
}

@article{sudre2017generalizeddice,
  author  = {Christophe Sudre and Wenqi Li and Tim Vercauteren and
             Sebastian Ourselin and M. Jorge Cardoso},
  title   = {Generalised Dice Overlap as a Deep Learning Loss Function},
  journal = {DLMIA},
  year    = {2017},
  pages   = {240--248}
}

@misc{matlab3dunet,
  author       = {MathWorks},
  title        = {Segment Brain Tumors from MRI Data Using Deep Learning},
  note         = {\url{https://www.mathworks.com/help/images/segment-brain-tumors-from-mri-data-using-deep-learning.html}},
  year         = {2025}
}
